@URL {http://es.slideshare.net/ponceguillermo71/concepto-de-mision-y-vision,
    author = "Gullermo Ponce",
    year   = "2015"
}
@URL {https://glassfish.java.net/es/,
    author = "Oracle",
    year   = "2015"
}
@URL {http://www.mysql.com/,
    author = "Oracle",
    year   = "2015"
}
@URL {http://www.cs.waikato.ac.nz/ml/weka/,
    author = "The University of Waikato",
    year   = "2015"
}
@URL {https://lucene.apache.org/,
    author = "Apache Foundation",
    year   = "2015"
}
@URL {https://netbeans.org/,
    author = "Oracle",
    year   = "2015"
}
